@misc{vegvesenet,
	title={The Norwegian Public Roads Administration: Open data, API for developers},
	howpublished={https://www.vegvesen.no/en/the+npra/about-the-npra/open-data},
	note={Accessed: 2018-06-11}
}

@misc{scrframe,
	title={TKinter scrollable frame, created by Eugene Bakin},
	howpublished={https://github.com/simondlevy/GooMPy},
	note={Accessed: 2018-06-11}
}

@misc{goompy,
	title={Interactive Google Maps for Python, created by Simon D. Levy},
	howpublished={https://github.com/simondlevy/GooMPy},
	note={Accessed: 2018-06-11}
}

@misc{fhi_sykdommer,
	title={The Norwegian Institute of Public Health: Influenza symptoms},
	howpublished={https://www.fhi.no/en/id/influensa/seasonal-influenza/influenza---fact-sheet-about-season/},
	note={Accessed: 2018-06-11}
}

@misc{fhi,
	title={The Norwegian Institute of Public Health: Influenza information},
	howpublished={https://fhi.no/en/id/influensa/seasonal-influenza/},
	note={Accessed: 2018-06-11}
}

@misc{NorSySS,
	title={The Norwegian Institute of Public Health: About the Norwegian Syndromic Surveillance System},
	howpublished={https://www.fhi.no/en/hn/statistics/NorSySS/about-the-norwegian-syndromic-surveillance-system/},
	note={Accessed: 2018-06-11}
}

@misc{niph,
	title={The Norwegian Institute of Public Health},
	howpublished={https://www.fhi.no/en/},
	note={Accessed: 2018-06-11}
}

@book{twitter_politic,
  title={Using social media to gauge Iranian public opinion and mood after the 2009 election},
  author={Elson, Sara Beth and Yeung, Douglas and Roshan, Parisa and Bohandy, Susan R and Nader, Alireza},
  year={2012},
  publisher={Rand Corporation}
}

@inproceedings{twitter_flu_trends,
  title={Predicting flu trends using twitter data},
  author={Achrekar, Harshavardhan and Gandhe, Avinash and Lazarus, Ross and Yu, Ssu-Hsin and Liu, Benyuan},
  booktitle={Computer Communications Workshops (INFOCOM WKSHPS), 2011 IEEE Conference on},
  pages={702--707},
  year={2011},
  organization={IEEE}
}

@inproceedings{twitter_linguistics,
  title={A latent variable model for geographic lexical variation},
  author={Eisenstein, Jacob and O'Connor, Brendan and Smith, Noah A and Xing, Eric P},
  booktitle={Proceedings of the 2010 Conference on Empirical Methods in Natural Language Processing},
  pages={1277--1287},
  year={2010},
  organization={Association for Computational Linguistics}
}

@inproceedings{twitter_earthQuake,
  title={Earthquake shakes Twitter users: real-time event detection by social sensors},
  author={Sakaki, Takeshi and Okazaki, Makoto and Matsuo, Yutaka},
  booktitle={Proceedings of the 19th international conference on World wide web},
  pages={851--860},
  year={2010},
  organization={ACM}
}

@article{twitter_what_you_tweet,
  title={You are what you Tweet: Analyzing Twitter for public health.},
  author={Paul, Michael J and Dredze, Mark},
  journal={Icwsm},
  volume={20},
  pages={265--272},
  year={2011}
}

@article{spatiotemp_urban_sys,
  title={Detecting flu outbreaks based on spatiotemporal information from urban systems – designing a novel study},
  author={L. O. Grottenberg and O. Njå and E. Tøssebro and G.S. Braut and R. Tønnessen and G. M. Grøneng},
  journal={Icwsm},
  volume={20},
  pages={1--7},
  year={2017}
}